%# -*- coding: utf-8-unix -*-
@article{李成华基于1,
  title={基于EMD和SVD的在线手写签名特征提取方法},
  author={李成华 and 龚良慧 and 江小平 and 孙婧},
  journal={中南民族大学学报（自然科学版）},
  volume={v.35;No.118},
  number={01},
  pages={107-111+117},
}

@article{赵桂敏2003手写签名的快速认证,
  title={手写签名的快速认证},
  author={赵桂敏 and 夏利民 and 陈爱斌},
  journal={计算机工程},
  volume={29},
  number={7},
  pages={56-58},
  year={2003},
}

@article{鄢晨丹基于统计模型的,
  title={基于统计模型的DTW签名认证系统},
  author={鄢晨丹 and 杨阳 and 程久军 and 邵剑雨},
  journal={信息网络安全},
  number={7},
  pages={70-76},
}

@article{李成华基于,
  title={基于DCT和SVDD的在线手写签名认证方法},
  author={李成华 and 刘磊 and 龚良慧 and 郭珩},
  journal={计算机系统应用},
  number={7},
  pages={196-199,共4页},
}

@article{雷涛隐马尔可夫模型下视频手写签名认证算法研究,
  title={隐马尔可夫模型下视频手写签名认证算法研究},
  author={雷涛},
  journal={计算机测量与控制},
  number={7},
}

@phdthesis{房育勋在线签名认证若干关键问题研究,
  title={在线签名认证若干关键问题研究},
  author={房育勋},
  school={华南理工大学},
}

@phdthesis{安霄霄手写签名的多重数字水印及认证算法研究,
  title={手写签名的多重数字水印及认证算法研究},
  author={安霄霄},
  school={哈尔滨工业大学},
}

@article{鄢晨丹基于统计模型的,
  title={基于统计模型的DTW签名认证系统},
  author={鄢晨丹 and 杨阳 and 程久军 and 邵剑雨},
  journal={信息网络安全},
  number={07},
  pages={70-76},
}

@article{srivastava2014dropout,
  title={Dropout: a simple way to prevent neural networks from overfitting},
  author={Srivastava, Nitish and Hinton, Geoffrey and Krizhevsky, Alex and Sutskever, Ilya and Salakhutdinov, Ruslan},
  journal={The Journal of Machine Learning Research},
  volume={15},
  number={1},
  pages={1929--1958},
  year={2014},
  publisher={JMLR. org}
}

@article{ioffe2015batch,
  title={Batch normalization: Accelerating deep network training by reducing internal covariate shift},
  author={Ioffe, Sergey and Szegedy, Christian},
  journal={arXiv preprint arXiv:1502.03167},
  year={2015}
}

@article{chun2010tutorial,
  title={A tutorial of the wavelet transform},
  author={Chun-Lin, Liu},
  journal={NTUEE, Taiwan},
  year={2010}
}

@online{std2,
  author =       "Harry Thornburg",
  year =         "2016",
  title =        "Real-Time Decomposition of Time Series",
  url =          "https://developer.ibm.com/streamsdev/docs/real-time-decomposition-of-time-series/",
  month =        apr,
  lastaccessed = "Jan. 1, 2019",
}

@article{cleveland1990stl,
  title={STL: A seasonal-trend decomposition},
  author={Cleveland, Robert B and Cleveland, William S and McRae, Jean E and Terpenning, Irma},
  journal={Journal of official statistics},
  volume={6},
  number={1},
  pages={3--73},
  year={1990}
}

@article{rodriguez2014extended,
  title={Extended high-frequency (9--20 kHz) audiometry reference thresholds in 645 healthy subjects},
  author={Rodr{\'\i}guez Valiente, A and Trinidad, A and Garc{\'\i}a Berrocal, JR and G{\'o}rriz, C and Ram{\'\i}rez Camacho, R},
  journal={International journal of audiology},
  volume={53},
  number={8},
  pages={531--545},
  year={2014},
  publisher={Taylor \& Francis}
}

@book{goodfellow2016deep,
  title={Deep learning},
  author={Goodfellow, Ian and Bengio, Yoshua and Courville, Aaron},
  year={2016},
  publisher={MIT press}
}

@article{hou1987fast,
  title={A fast recursive algorithm for computing the discrete cosine transform},
  author={Hou, Hsieh},
  journal={IEEE Transactions on Acoustics, Speech, and Signal Processing},
  volume={35},
  number={10},
  pages={1455--1461},
  year={1987},
  publisher={IEEE}
}

@article{lee1984new,
  title={A new algorithm to compute the discrete cosine transform},
  author={Lee, Byeong},
  journal={IEEE Transactions on Acoustics, Speech, and Signal Processing},
  volume={32},
  number={6},
  pages={1243--1245},
  year={1984},
  publisher={IEEE}
}

@article{winograd1978computing,
  title={On computing the discrete Fourier transform},
  author={Winograd, Shmuel},
  journal={Mathematics of computation},
  volume={32},
  number={141},
  pages={175--199},
  year={1978}
}

@article{ahmed1974discrete,
  title={Discrete cosine transform},
  author={Ahmed, Nasir and Natarajan, T\_ and Rao, Kamisetty R},
  journal={IEEE transactions on Computers},
  volume={100},
  number={1},
  pages={90--93},
  year={1974},
  publisher={IEEE}
}

@inproceedings{wang2016device,
  title={Device-free gesture tracking using acoustic signals},
  author={Wang, Wei and Liu, Alex X and Sun, Ke},
  booktitle={Proceedings of the 22nd Annual International Conference on Mobile Computing and Networking},
  pages={82--94},
  year={2016},
  organization={ACM}
}

@book{tse2005fundamentals,
  title={Fundamentals of wireless communication},
  author={Tse, David and Viswanath, Pramod},
  year={2005},
  publisher={Cambridge university press}
}

@inproceedings{ahmed2009automatic,
  title={Automatic online signature verification: A prototype using neural networks},
  author={Ahmed, Syed Khaleel and Ramasamy, Agileswari K and Khairuddin, Anis Salwa Mohd and Omar, Jamaludin},
  booktitle={TENCON 2009-2009 IEEE Region 10 Conference},
  pages={1--4},
  year={2009},
  organization={IEEE}
}

@inproceedings{shafiei2003new,
  title={A new online signature verification algorithm using variable length segmentation and hidden Markov models},
  author={Shafiei, Mohammad M and Rabiee, Hamid R},
  booktitle={Seventh International Conference on Document Analysis and Recognition, 2003. Proceedings.},
  pages={443--446},
  year={2003},
  organization={IEEE}
}

@article{daramola2010efficient,
  title={Efficient on-line signature verification system},
  author={Daramola, SA and Ibiyemi, TS},
  journal={International Journal of Engineering \& Technology IJET-IJENS},
  volume={10},
  number={4},
  pages={48--52},
  year={2010}
}

@article{kholmatov2005identity,
  title={Identity authentication using improved online signature verification method},
  author={Kholmatov, Alisher and Yanikoglu, Berrin},
  journal={Pattern recognition letters},
  volume={26},
  number={15},
  pages={2400--2408},
  year={2005},
  publisher={Elsevier}
}

@article{hafemann2017learning,
  title={Learning features for offline handwritten signature verification using deep convolutional neural networks},
  author={Hafemann, Luiz G and Sabourin, Robert and Oliveira, Luiz S},
  journal={Pattern Recognition},
  volume={70},
  pages={163--176},
  year={2017},
  publisher={Elsevier}
}

@inproceedings{hafemann2016writer,
  title={Writer-independent feature learning for offline signature verification using deep convolutional neural networks},
  author={Hafemann, Luiz G and Sabourin, Robert and Oliveira, Luiz S},
  booktitle={2016 International Joint Conference on Neural Networks (IJCNN)},
  pages={2576--2583},
  year={2016},
  organization={IEEE}
}

@inproceedings{rantzsch2016signature,
  title={Signature embedding: Writer independent offline signature verification with deep metric learning},
  author={Rantzsch, Hannes and Yang, Haojin and Meinel, Christoph},
  booktitle={International symposium on visual computing},
  pages={616--625},
  year={2016},
  organization={Springer}
}

@article{yilmaz2016score,
  title={Score level fusion of classifiers in off-line signature verification},
  author={Y{\i}lmaz, Mustafa Berkay and Yan{\i}ko{\u{g}}lu, Berrin},
  journal={Information Fusion},
  volume={32},
  pages={109--119},
  year={2016},
  publisher={Elsevier}
}

@article{eskander2013hybrid,
  title={Hybrid writer-independent--writer-dependent offline signature verification system},
  author={Eskander, George S and Sabourin, Robert and Granger, Eric},
  journal={IET biometrics},
  volume={2},
  number={4},
  pages={169--181},
  year={2013},
  publisher={IET}
}

@article{rivard2013multi,
  title={Multi-feature extraction and selection in writer-independent off-line signature verification},
  author={Rivard, Dominique and Granger, Eric and Sabourin, Robert},
  journal={International Journal on Document Analysis and Recognition (IJDAR)},
  volume={16},
  number={1},
  pages={83--103},
  year={2013},
  publisher={Springer}
}

@article{huang1997off,
  title={Off-line signature verification based on geometric feature extraction and neural network classification},
  author={Huang, Kai and Yan, Hong},
  journal={Pattern Recognition},
  volume={30},
  number={1},
  pages={9--17},
  year={1997},
  publisher={Elsevier}
}

@article{prathiba2014online,
  title={Online handwritten signature verification system: A Review},
  author={Prathiba, MK and Basavaraj, L},
  journal={International Journal of Emerging Trends \& Technology in Computer Science},
  volume={3},
  number={2},
  pages={263--267},
  year={2014}
}

@inproceedings{hafemann2017offline,
  title={Offline handwritten signature verification—literature review},
  author={Hafemann, Luiz G and Sabourin, Robert and Oliveira, Luiz S},
  booktitle={2017 Seventh International Conference on Image Processing Theory, Tools and Applications (IPTA)},
  pages={1--8},
  year={2017},
  organization={IEEE}
}

@inproceedings{impedovo2012handwritten,
  title={Handwritten signature verification: New advancements and open issues},
  author={Impedovo, Donato and Pirlo, Giuseppe and Plamondon, Rejean},
  booktitle={2012 International Conference on Frontiers in Handwriting Recognition},
  pages={367--372},
  year={2012},
  organization={IEEE}
}

@article{impedovo2008automatic,
  title={Automatic signature verification: The state of the art},
  author={Impedovo, Donato and Pirlo, Giuseppe},
  journal={IEEE Transactions on Systems, Man, and Cybernetics, Part C (Applications and Reviews)},
  volume={38},
  number={5},
  pages={609--635},
  year={2008},
  publisher={IEEE}
}

@incollection{leclerc1994automatic,
  title={Automatic signature verification: The state of the art—1989--1993},
  author={Leclerc, Franck and Plamondon, Rejean},
  booktitle={Progress in Automatic Signature Verification},
  pages={3--20},
  year={1994},
  publisher={World Scientific}
}

@article{plamondon1989automatic,
  title={Automatic signature verification and writer identification—the state of the art},
  author={Plamondon, Rejean and Lorette, Guy},
  journal={Pattern recognition},
  volume={22},
  number={2},
  pages={107--131},
  year={1989},
  publisher={Elsevier}
}

@InProceedings{10.1007/978-3-319-69923-3_78,
author="Lu, Xinyi
and Fang, Yuxun
and Kang, Wenxiong
and Wang, Zhiyong
and Feng, David Dagan",
editor="Zhou, Jie
and Wang, Yunhong
and Sun, Zhenan
and Xu, Yong
and Shen, Linlin
and Feng, Jianjiang
and Shan, Shiguang
and Qiao, Yu
and Guo, Zhenhua
and Yu, Shiqi",
title="SCUT-MMSIG: A Multimodal Online Signature Database",
booktitle="Biometric Recognition",
year="2017",
publisher="Springer International Publishing",
address="Cham",
pages="729--738"
}



@InProceedings{10.1007/978-3-540-25948-0_3,
author="Yeung, Dit-Yan
and Chang, Hong
and Xiong, Yimin
and George, Susan
and Kashi, Ramanujan
and Matsumoto, Takashi
and Rigoll, Gerhard",
editor="Zhang, David
and Jain, Anil K.",
title="SVC2004: First International Signature Verification Competition",
booktitle="Biometric Authentication",
year="2004",
publisher="Springer Berlin Heidelberg",
address="Berlin, Heidelberg",
pages="16--22"
}

@misc{kholmatov2006sigsa,
  title={SigSA: On-line Handwritten Signature Database},
  author={Kholmatov, Alisher and Yanikoglu, Berrin},
  year={2006},
  publisher={Faculty of Engineering and Natural Science, Sabanci University, Istanbul}
}

@inproceedings{freitas2008brazilian,
  title={Brazilian forensic letter database},
  author={Freitas, C and Oliveira, Luiz S and Sabourin, Robert and Bortolozzi, Fl{\'a}vio},
  booktitle={11th International workshop on frontiers on handwriting recognition, Montreal, Canada},
  year={2008}
}

@article{Hanmandlu2005Off,
  title={Off-line signature verification and forgery detection using fuzzy modeling},
  author={Hanmandlu, Madasu and Yusof, Mohd. Hafizuddin Mohd. and Madasu, Vamsi Krishna},
  journal={Pattern Recognition},
  volume={38},
  number={3},
  pages={341-356},
  year={2005},
}

@article{8698222, 
author={I. {Griswold-Steiner} and R. {Matovu} and A. {Serwadda}}, 
journal={IEEE Transactions on Biometrics, Behavior, and Identity Science}, 
title={Wearables-Driven Freeform Handwriting Authentication}, 
year={2019}, 
volume={}, 
number={}, 
pages={1-1}, 
keywords={Authentication;Writing;Forgery;Biometrics (access control);Biomedical monitoring;Performance evaluation;Neural networks;Behavioral biometrics;wearables;handwriting;authentication;impersonation attacks.}, 
doi={10.1109/TBIOM.2019.2912401}, 
ISSN={2637-6407}, 
month={},}

@article{Bunke2015Online,
  title={Online Signature Verification Method Based on the Acceleration Signals of Handwriting Samples},
  author={Bunke, Horst and Csirik, János and Gingl, Zoltán and Griechisch, Erika},
  year={2015},
}

@article{Levy2018Handwritten,
  title={Handwritten Signature Verification Using Wrist-Worn Devices},
  author={Levy, Alona and Nassi, Ben and Elovici, Yuval and Shmueli, Erez},
  journal={Proceedings of the ACM on Interactive, Mobile, Wearable and Ubiquitous Technologies},
  volume={2},
  number={3},
  pages={1-26},
  year={2018},
}

@article{Schmidhuber2015Deep,
  title={Deep learning in neural networks: an overview.},
  author={Schmidhuber, J},
  journal={Neural Netw},
  volume={61},
  pages={85-117},
  year={2015},
}

@inproceedings{mao2017aim,
  title={AIM: Acoustic Imaging on a Mobile},
  author={Wenguang Mao, Mei Wang, and Lili Qiu },
  booktitle={Proceedings of the 16th Annual International Conference on Mobile Systems, Applications, and Services},
  year={2018},
  organization={ACM}
}

@inproceedings{ling2018ultragesture,
  title={UltraGesture: Fine-Grained Gesture Sensing and Recognition},
  author={Ling, Kang and Dai, Haipeng and Liu, Yuntang and Liu, Alex X},
  booktitle={2018 15th Annual IEEE International Conference on Sensing, Communication, and Networking (SECON)},
  pages={1--9},
  year={2018},
  organization={IEEE}
}

@inproceedings{ruan2016audiogest,
  title={AudioGest: enabling fine-grained hand gesture detection by decoding echo signal},
  author={Ruan, Wenjie and Sheng, Quan Z and Yang, Lei and Gu, Tao and Xu, Peipei and Shangguan, Longfei},
  booktitle={Proceedings of the 2016 ACM International Joint Conference on Pervasive and Ubiquitous Computing},
  pages={474--485},
  year={2016},
  organization={ACM}
}

@inproceedings{gupta2012soundwave,
  title={Soundwave: using the doppler effect to sense gestures},
  author={Gupta, Sidhant and Morris, Daniel and Patel, Shwetak and Tan, Desney},
  booktitle={Proceedings of the SIGCHI Conference on Human Factors in Computing Systems},
  pages={1911--1914},
  year={2012},
  organization={ACM}
}

@inproceedings{aumi2013doplink,
  title={DopLink: using the doppler effect for multi-device interaction},
  author={Aumi, Md Tanvir Islam and Gupta, Sidhant and Goel, Mayank and Larson, Eric and Patel, Shwetak},
  booktitle={Proceedings of the 2013 ACM international joint conference on Pervasive and ubiquitous computing},
  pages={583--586},
  year={2013},
  organization={ACM}
}

@article{wang2018c,
  title={C-FMCW based contactless respiration detection using acoustic signal},
  author={Wang, Tianben and Zhang, Daqing and Zheng, Yuanqing and Gu, Tao and Zhou, Xingshe and Dorizzi, Bernadette},
  journal={Proceedings of the ACM on Interactive, Mobile, Wearable and Ubiquitous Technologies},
  volume={1},
  number={4},
  pages={170},
  year={2018},
  publisher={ACM}
}

@article{WangContactless,
  title={Contactless Respiration Monitoring using Ultrasound Signal with Off-the-shelf Audio Devices},
  author={Wang, Tianben and Zhang, Daqing and Wang, Leye and Zheng, Yuanqing and Gu, Tao and Dorizzi, Bernadette and Zhou, Xingshe},
  journal={IEEE Internet of Things Journal},
}

@inproceedings{yun2017strata,
  title={Strata: Fine-grained acoustic-based device-free tracking},
  author={Yun, Sangki and Chen, Yi-Chao and Zheng, Huihuang and Qiu, Lili and Mao, Wenguang},
  booktitle={Proceedings of the 15th Annual International Conference on Mobile Systems, Applications, and Services},
  pages={15--28},
  year={2017},
  organization={ACM}
}

@inproceedings{mao2016cat,
  title={CAT: high-precision acoustic motion tracking},
  author={Mao, Wenguang and He, Jian and Qiu, Lili},
  booktitle={Proceedings of the 22nd Annual International Conference on Mobile Computing and Networking},
  pages={69--81},
  year={2016},
  organization={ACM}
}

@inproceedings{wang2016device,
  title={Device-free gesture tracking using acoustic signals},
  author={Wang, Wei and Liu, Alex X and Sun, Ke},
  booktitle={Proceedings of the 22nd Annual International Conference on Mobile Computing and Networking},
  pages={82--94},
  year={2016},
  organization={ACM}
}

@book{周志华2016机器学习,
  title={机器学习},
  author={周志华},
  year={2016},
  publisher={Qing hua da xue chu ban she},
  address={中国}
}

@article{hochreiter1997long,
  title={Long short-term memory},
  author={Hochreiter, Sepp and Schmidhuber, J{\"u}rgen},
  journal={Neural computation},
  volume={9},
  number={8},
  pages={1735--1780},
  year={1997},
  publisher={MIT Press}
}

@article{rabiner1986introduction,
  title={An introduction to hidden Markov models},
  author={Rabiner, Lawrence R and Juang, Biing-Hwang},
  journal={ieee assp magazine},
  volume={3},
  number={1},
  pages={4--16},
  year={1986},
  publisher={Citeseer}
}

@article{bhattacharya2013offline,
  title={Offline signature verification using pixel matching technique},
  author={Bhattacharya, Indrajit and Ghosh, Prabir and Biswas, Swarup},
  journal={Procedia Technology},
  volume={10},
  pages={970--977},
  year={2013},
  publisher={Elsevier}
}

@inproceedings{chandra2016offline,
  title={Offline signature verification based on geometric feature extraction using artificial neural network},
  author={Chandra, Subhash and Maheskar, Sushila},
  booktitle={2016 3rd International Conference on Recent Advances in Information Technology (RAIT)},
  pages={410--414},
  year={2016},
  organization={IEEE}
}

@article{kalera2004offline,
  title={Offline signature verification and identification using distance statistics},
  author={Kalera, Meenakshi K and Srihari, Sargur and Xu, Aihua},
  journal={International Journal of Pattern Recognition and Artificial Intelligence},
  volume={18},
  number={07},
  pages={1339--1360},
  year={2004},
  publisher={World Scientific}
}

@article{ferrer2005offline,
  title={Offline geometric parameters for automatic signature verification using fixed-point arithmetic},
  author={Ferrer, Miguel A and Alonso, Jesus B and Travieso, Carlos M},
  journal={IEEE transactions on pattern analysis and machine intelligence},
  volume={27},
  number={6},
  pages={993--997},
  year={2005},
  publisher={IEEE}
}

@article{hafemann2017learning,
  title={Learning features for offline handwritten signature verification using deep convolutional neural networks},
  author={Hafemann, Luiz G and Sabourin, Robert and Oliveira, Luiz S},
  journal={Pattern Recognition},
  volume={70},
  pages={163--176},
  year={2017},
  publisher={Elsevier}
}

@article{hafemann2018fixed,
  title={Fixed-sized representation learning from offline handwritten signatures of different sizes},
  author={Hafemann, Luiz G and Oliveira, Luiz S and Sabourin, Robert},
  journal={International Journal on Document Analysis and Recognition (IJDAR)},
  volume={21},
  pages={219--232},
  year={2018},
  publisher={Springer}
}

@inproceedings{sae2013simple,
  title={A simple and effective method for online signature verification},
  author={Sae-Bae, Napa and Memon, Nasir},
  booktitle={2013 International Conference of the BIOSIG Special Interest Group (BIOSIG)},
  pages={1--12},
  year={2013},
  organization={IEEE}
}

@article{kholmatov2005identity,
  title={Identity authentication using improved online signature verification method},
  author={Kholmatov, Alisher and Yanikoglu, Berrin},
  journal={Pattern recognition letters},
  volume={26},
  number={15},
  pages={2400--2408},
  year={2005},
  publisher={Elsevier}
}

@inproceedings{fischer2015robust,
  title={Robust score normalization for DTW-based on-line signature verification},
  author={Fischer, Andreas and Diaz, Moises and Plamondon, Rejean and Ferrer, Miguel A},
  booktitle={2015 13th international conference on document analysis and recognition (ICDAR)},
  pages={241--245},
  year={2015},
  organization={IEEE}
}

@inproceedings{bunke2011online,
  title={Online signature verification method based on the acceleration signals of handwriting samples},
  author={Bunke, Horst and Csirik, J{\'a}nos and Gingl, Zolt{\'a}n and Griechisch, Erika},
  booktitle={Iberoamerican Congress on Pattern Recognition},
  pages={499--506},
  year={2011},
  organization={Springer}
}

@inproceedings{bunke2011online,
  title={Online signature verification method based on the acceleration signals of handwriting samples},
  author={Bunke, Horst and Csirik, J{\'a}nos and Gingl, Zolt{\'a}n and Griechisch, Erika},
  booktitle={Iberoamerican Congress on Pattern Recognition},
  pages={499--506},
  year={2011},
  organization={Springer}
}

@article{Huang2011A,
  title={A Generic Framework for Three-Factor Authentication: Preserving Security and Privacy in Distributed Systems},
  author={Huang, Xinyi and Yang, Xiang and Chonka, Ashley and Zhou, Jianying and Deng, Robert H.},
  journal={IEEE Transactions on Parallel & Distributed Systems},
  volume={22},
  number={8},
  pages={1390-1397},
  year={2011},
}

@article {12717,
	title = {Face recognition: A literature survey},
	journal = {ACM Comput. Surv.},
	volume = {35},
	year = {2003},
	month = {2003/12//},
	pages = {399 - 458},
	isbn = {0360-0300},
	doi = {10.1145/954339.954342},
	author = {Zhao, W. and Chellapa, Rama and Phillips,P.J. and Rosenfeld, A.}
}

@article{Andrew2005Handbook,
  title={Handbook of Fingerprint Recognition},
  author={Andrew, Alex M.},
  journal={Ch Synthetic Fingerprint Generation},
  volume={33},
  number={5-6},
  pages={1314},
  year={2005},
}

@article{Wildes1997Iris,
  title={Iris recognition: An emerging biometrie technology},
  author={Wildes, R. P},
  journal={Proceedings of the IEEE},
  volume={85},
  number={9},
  pages={1348-1363},
  year={1997},
}

@inproceedings{Rashid2008Security,
  title={Security system using biometric technology: Design and implementation of Voice Recognition System (VRS)},
  author={Rashid, Rozeha A. and Mahalin, Nur Hija and Sarijari, Mohd Adib and Aziz, Ahmad Aizuddin Abdul},
  booktitle={International Conference on Computer & Communication Engineering},
  year={2008},
}

@article{Cetingul2006Discriminative,
  title={Discriminative Analysis of Lip Motion Features for Speaker Identification and Speech-Reading},
  author={Cetingul, H. E. and Yemez, Y. and Erzin, E. and Tekalp, A. M.},
  journal={IEEE Transactions on Image Processing},
  volume={15},
  number={10},
  pages={2879-2891},
  year={2006},
}

@article{Boulgouris2005Gait,
  title={Gait recognition: a challenging signal processing technology for biometric identification},
  author={Boulgouris, N. V and Hatzinakos, D and Plataniotis, K. N},
  journal={Signal Processing Magazine IEEE},
  volume={22},
  number={6},
  pages={78-90},
  year={2005},
}

@article{Plamondona1989Automatic,
  title={Automatic signature verification and writer identification — the state of the art},
  author={Plamondona, Réjean and Loretteb, Guy},
  journal={Pattern Recognition},
  volume={22},
  number={2},
  pages={107-131},
  year={1989},
}

@article{levy2018handwritten,
  title={Handwritten Signature Verification Using Wrist-Worn Devices},
  author={Levy, Alona and Nassi, Ben and Elovici, Yuval and Shmueli, Erez},
  journal={Proceedings of the ACM on Interactive, Mobile, Wearable and Ubiquitous Technologies},
  volume={2},
  number={3},
  pages={119},
  year={2018},
  publisher={ACM}
}

@article{griswold2019wearables,
  title={Wearables-Driven Freeform Handwriting Authentication},
  author={Griswold-Steiner, Isaac and Matovu, Richard and Serwadda, Abdul},
  journal={IEEE Transactions on Biometrics, Behavior, and Identity Science},
  year={2019},
  publisher={IEEE}
}
% @book{Meta_CN,
%   title = {电磁超介质及其应用},
%   address = {北京},
%   publisher = {国防工业出版社},
%   year = {2008},
%   author = {崔万照 and 马伟 and 邱乐德 and 张洪太}
% }

% @book{JohnD,
%   title = {Photonic Crystals: Molding the Flow of Light},
%   publisher = {Princeton University Press},
%   year = {2008},
%   author = {Joannopoulos, J. D. and Johnson, S. G. and Winn, J. N.}
% }

% @book{IEEE-1363,
%   author={IEEE Std 1363-2000},
%   title={IEEE Standard Specifications for Public-Key Cryptography},
%   address={New York},
%   publisher={IEEE},
%   year={2000}
% }

% @article{chen2007act,
%   author = {Chen, H. and Chan, C. T.},
%   title = {Acoustic cloaking in three dimensions using acoustic metamaterials},
%   journal = {Applied Physics Letters},
%   year = {2007},
%   volume = {91},
%   pages = {183518},
%   publisher = {AIP}
% }

% @article{chen2007ewi,
%   author = {Chen, H. and Wu, B. I. and Zhang, B. and Kong, J. A.},
%   title = {Electromagnetic Wave Interactions with a Metamaterial Cloak},
%   journal = {Physical Review Letters},
%   year = {2007},
%   volume = {99},
%   pages = {63903},
%   number = {6},
%   publisher = {APS}
% }

% @article{he1999,
%   title = {标准动态力发生装置国内外研究现状},
%   number = {2},
%   journal = {机电工程},
%   author = {何闻},
%   year = {1999},
%   pages = {47-49},
% }

% @inproceedings{kocher99,
%   author={C. Kocher and J. Jaffe and B. Jun},
%   title={Differential Power Analysis},
%   editor={M. Wiener},
%   booktitle={Advances in Cryptology ({CRYPTO}~'99)},
%   series={Lecture Notes in Computer Science},
%   volume={1666},
%   pages={388-397},
%   publisher={Springer-Verlag},
%   month={9},
%   year={1999}
% }

% @incollection{Krasnogor2004e,
%   AUTHOR = {N. Krasnogor},
%   TITLE = {Towards robust memetic algorithms},
%   BOOKTITLE = {Recent Advances in Memetic Algorithms},
%   PUBLISHER = {Springer Berlin Heidelberg},
%   YEAR = {2004},
%   PAGES = {185-207},
%   EDITOR = {W.E. Hart and N. Krasnogor and J.E. Smith},
%   VOLUME = {166},
%   SERIES = {Studies in Fuzziness and Soft Computing},
%   ADDRESS = {New York},
% }

% @incollection{zjsw,
%   AUTHOR = {班固},
%   TITLE = {苏武传},
%   BOOKTITLE = {传记散文英华},
%   PUBLISHER = {湖北人民出版社},
%   YEAR = {1998},
%   PAGES = {65-69},
%   EDITOR = {郑在瀛 and 汪超宏 and 周文复},
%   VOLUME = {2},
%   SERIES = {新古文观止丛书},
%   ADDRESS = {武汉},
% }


% @inbook{clzs,
%   AUTHOR = {阎真},
%   TITLE = {沧浪之水},
%   CHAPTER = {大人物还是讲人情的},
%   PAGES = {185-207},
%   PUBLISHER = {人民文学出版社},
%   YEAR = {2001},
% }

% @book{tex,
%  author    = {Donald E. Knuth},
%  title     = {The {\TeX} Book},
%  publisher = {Addison-Wesley Publishing Company},
%  address   = {Reading, MA},
%  year      = 1989,
%  edition   = {15th},
% }

% @book{companion,
%  author    = {Michel Goosens and Frank Mittelbach and Alexander Samarin},
%  title     = {The {\LaTeX} Companion},
%  publisher = {Addison-Wesley Publishing Company},
%  address   = {Reading, MA},
%  PAGES = {112--125},
%  year      = 1994,
% }

% @article{ELIDRISSI94,
%   AUTHOR =       {{Chafik El Idrissi}, M. and {Roney}, A. and {Frigon}, C. and
%                   {Larzilli{\`e}re}, M.},
%   TITLE =        {Measurements of total kinetic-energy released to the {$N=2$}
%                   dissociation limit of {H}$_2$ --- evidence of the dissociation
%                   of very high vibrational {R}ydberg states of {H}$_2$ by
%                   doubly-excited states},
%   JOURNAL =      {Chemical Physics Letters},
%   PAGES =        {260-266},
%   VOLUME =       224,
%   NUMBER =       10,
%   YEAR =         1994,
% }

% @ARTICLE{MELLINGER96,
%   AUTHOR =       {Mellinger, A. and Vidal, C. R. and Jungen, Ch.},
%   TITLE =        {Laser reduced fluorescence study of the carbon-monoxide nd
%                   triplet {R}ydberg series-experimental results and multichannel
%                   quantum-defect analysis},
%   JOURNAL =      {J. Chem. Phys.},
%   PAGES =        {8913-8921},
%   VOLUME =       104,
%   NUMBER =       5,
%   YEAR =         1996,
% }

% @ARTICLE{SHELL02,
%   AUTHOR =       {Michael Shell},
%   TITLE =        {How to Use the {IEEEtran \LaTeX} Class},
%   JOURNAL =      {Journal of {\LaTeX} Class Files},
%   YEAR =         2002,
%   VOLUME =       12,
%   NUMBER =       4,
%   PAGES =        {100--120}
% }

% @TechReport{NPB2,
%   title =        {The {NAS} Parallel Benchmarks 2.0},
%   author =       {Alex Woo and David Bailey and Maurice Yarrow and Wijngaart
%                   Wijngaart and Tim Harris and William Saphir},
%   year =         1995,
%   month =        12,
%   institution =  {The Pennsylvania State University CiteSeer Archives},
%   url =          {http://www.nasa.org/}
% }

% @INPROCEEDINGS{DPMG,
%   author =       {Kim, Sangbum and Woo, Namyoon and Yeom, Heon Y. and Park,
%                   Taesoon and Park, Hyoungwoo},
%   title =        {Design and {I}mplementation of {D}ynamic {P}rocess
%                   {M}anagement for {G}rid-enabled {MPICH}},
%   booktitle =    {the 10th European PVM/MPI Users' Group Conference},
%   year =         2003,
%   address =      {Venice, Italy},
%   month =        sep,
% }

% @INPROCEEDINGS{cnproceed,
%   author =       {王重阳 and 黄药师 and 欧阳峰 and 洪七公 and 段皇帝},
%   title =        {武林高手论文集},
%   booktitle =    {第~$N$~次华山论剑},
%   year =         2006,
%   address =      {西安, 中国},
%   publisher = {中国古籍出版社},
%   month =        sep,
% }

% @ARTICLE{cnarticle,
%   AUTHOR =       {贾宝玉 and 林黛玉 and 薛宝钗 and 贾探春},
%   TITLE =        {论刘姥姥食量大如牛之现实意义},
%   JOURNAL =      {红楼梦杂谈},
%   PAGES =        {260--266},
%   VOLUME =       224,
%   YEAR =         1800,
% }

% @thesis{zhubajie,
%   author =       {猪八戒},
%   title =        {论流体食物的持久保存},
%   school =       {广寒宫大学},
%   year =         2005,
%   address =      {北京},
% }

% @thesis{shaheshang,
%   title =        {论流沙河的综合治理},
%   author =       {沙和尚},
%   school =       {清华大学},
%   year =         2005,
%   address =      {北京},
% }

% @thesis{metamori2004,
%   author =       {Ashwin Raju Jeyakumar},
%   title =        {Metamori: A library for Incremental File Checkpointing},
%   school =       {Virgina Tech},
%   year =         2004,
%   month =        7,
%   address =      {Blacksburg},
% }

% @thesis{FistSystem01,
%   AUTHOR =       {Erez Zadok},
%   TITLE =        {FiST: A System for Stackable File System Code Generation},
%   YEAR =         2001,
%   MONTH =        {5},
%   SCHOOL =       {Computer Science Department, Columbia University},
%   ADDRESS =      {USA}
% }

% @INBOOK{ColdSources,
%   AUTHOR =       {P. Gr{\"o}ning and L. Nilsson and P. Ruffieux and R.
%                   Clergereaux and O. Gr{\"o}ning},
%   TITLE =        {Encyclopedia of Nanoscience and Nanotechnology},
%   pages =        {547--579},
%   PUBLISHER =    {American Scientific Publishers},
%   YEAR =         2004,
%   volume =       1,
% }

% @phdthesis{bai2008,
% 	title={信用风险传染模型和信用衍生品的定价},
% 	author={白云芬},
% 	year={2008},
% 	school={上海交通大学},
% 	address={上海},
% }


% %萧钰.出版业信息化迈人快车道[EB/OL]. (2001-12-19)[2002-04-15]. http://www.creader.com/news/20011219/200112190019. html.
% @article{xiaoyu2001,
%   author =       {萧钰},
%   title =        {出版业信息化迈人快车道},
%   year =         {2001},
%   TypeofLit =    {EB/OL},
%   modifydate =   {2001-12-19},
%   citedate =     {2002-04-15},
%   url =          {http://www.creader.com/news/20011219/200112190019.html},
% }

% % 在线析出文献
% @article{CHRISTINE1998,
%   author =       {Christine, Mlot},
%   title =        {Plant physiology: plant biology in the Genome Era},
%   journal =      {Science},
%   volume =       {281},
%   pages =        {331-332},
%   year =         {1998},
%   TypeofLit =    {J/OL},
%   citedate =     {1998-09-23},
%   url =           {http://www.sciencemag.org/cgi/collection/anatmorp},
% }

% @book{RManual,
%         Address = {Vienna, Austria},
%         Author = {{R Core Team}},
%         Note = {{ISBN} 3-900051-07-0},
%         Organization = {R Foundation for Statistical Computing},
%         title = {R: A Language and Environment for Statistical Computing},
%         url = {http://www.R-project.org/},
%         Year = {2012},
% }
